<record xmlns="http://www.loc.gov/MARC21/slim" xmlns:xsi="http://www.w3.org/2001/XMLSchema-instance" xsi:schemaLocation="http://www.loc.gov/MARC21/slim http://www.loc.gov/standards/marcxml/schema/MARC21slim.xsd"><leader>00732nz   2200193n  4500</leader><controlfield tag="001">oca03852917 </controlfield><controlfield tag="005">19950608053312.7</controlfield><controlfield tag="008">950502n| acannaab|          |a aaa     c</controlfield><datafield ind1=" " ind2=" " tag="010"><subfield code="a">nr 95016313 </subfield></datafield><datafield ind1=" " ind2=" " tag="040"><subfield code="a">NNC</subfield><subfield code="c">NNC</subfield></datafield><datafield ind1="1" ind2=" " tag="100"><subfield code="a">Fannius, C.</subfield><subfield code="q">(Caius)</subfield></datafield><datafield ind1="0" ind2=" " tag="400"><subfield code="a">C. Fannius</subfield></datafield><datafield ind1="1" ind2=" " tag="400"><subfield code="a">Fannius, Gaius</subfield></datafield><datafield ind1="1" ind2=" " tag="400"><subfield code="a">Fannius, Caius</subfield></datafield><datafield ind1=" " ind2=" " tag="670"><subfield code="a">The works of C. Fannius [CF] 1991:</subfield><subfield code="b">PHI CD ROM #5.3, Latin Canon, bibliographic screen (C. Fannius)</subfield></datafield><datafield ind1=" " ind2=" " tag="670"><subfield code="a">Pauly-Wissowa:</subfield><subfield code="b">Bd. 6, c. 1987-1991 (C. Fannius)</subfield></datafield><datafield ind1=" " ind2=" " tag="670"><subfield code="a">NUC pre-56:</subfield><subfield code="b">v. 166, p. 454 (Fannius, Caius)</subfield></datafield><datafield ind1=" " ind2=" " tag="670"><subfield code="a">Oxford class. dict., 1st ed.</subfield><subfield code="b">p. 356 (Fannius, Gaius; Gracchan annalist)</subfield></datafield><datafield ind1=" " ind2=" " tag="670"><subfield code="a">Pauly-Wissowa:</subfield><subfield code="b">12. Halbbd., col. 1987-1991; "Fannius", #7 (C. Fannius)</subfield></datafield></record>